@InProceedings{Branchaud-Charron_2019_CVPR,
author = {Branchaud-Charron, Frederic and Achkar, Andrew and Jodoin, Pierre-Marc},
title = {Spectral Metric for Dataset Complexity Assessment},
booktitle = {The IEEE Conference on Computer Vision and Pattern Recognition (CVPR)},
month = {June},
year = {2019}
}